@techreport{luumaking,
  title={Making smart contracts smarter},
  author={Luu, Loi and Chu, Duc-Hiep and Olickel, Hrishi and Saxena, Prateek and Hobor, Aquinas}
}

@inproceedings{stefanescu-park-yuwen-li-rosu-2016-oopsla,
    author = "\c{S}tef\u{a}nescu, Andrei and Park, Daejun and Yuwen, Shijiao and Li, Yilong and Ro\c{s}u, Grigore",
    publisher = "ACM",
    booktitle = "Proceedings of the 31th Conference on Object-Oriented Programming, Systems, Languages, and Applications (OOPSLA'16)",
    month = "Nov",
    year = "2016",
    title = "Semantics-Based Program Verifiers for All Languages"
}
