@misc{luumaking,
    author = {Loi Luu and Duc-Hiep Chu and Hrishi Olickel and Prateek Saxena and Aquinas Hobor},
    title = {Making Smart Contracts Smarter},
    howpublished = {Cryptology ePrint Archive, Report 2016/633},
    year = {2016},
    note = {\url{http://eprint.iacr.org/2016/633}},
}


@inproceedings{stefanescu-park-yuwen-li-rosu-2016-oopsla,
    author = "\c{S}tef\u{a}nescu, Andrei and Park, Daejun and Yuwen, Shijiao and Li, Yilong and Ro\c{s}u, Grigore",
    publisher = "ACM",
    booktitle = "Proceedings of the 31th Conference on Object-Oriented Programming, Systems, Languages, and Applications (OOPSLA'16)",
    month = "Nov",
    year = "2016",
    title = "Semantics-Based Program Verifiers for All Languages"
}

@article{rosu-serbanuta-2010-jlap,
    title={An Overview of the {K} Semantic Framework},
    author={Grigore Ro{\c s}u and Traian Florin {\c S}erb{\u a}nu{\c t}{\u a} },
    journal={Journal of Logic and Algebraic Programming},
    volume={79},
    number={6},
    pages={397--434},
    year={2010},
    ee={http://dx.doi.org/10.1016/j.jlap.2010.03.012},
    doi={10.1016/j.jlap.2010.03.012},
}

@misc{dao-attack,
    title={DAO Attack},
    author={Phil Daian},
    year={2016},
    note = {\url{http://hackingdistributed.com/2016/06/18/analysis-of-the-dao-exploit/}},
}
