@misc{luumaking,
    author = {Loi Luu and Duc-Hiep Chu and Hrishi Olickel and Prateek Saxena and Aquinas Hobor},
    title = {Making Smart Contracts Smarter},
    howpublished = {Cryptology ePrint Archive, Report 2016/633},
    year = {2016},
    note = {\url{http://eprint.iacr.org/2016/633}},
}


@inproceedings{stefanescu-park-yuwen-li-rosu-2016-oopsla,
    author = "\c{S}tef\u{a}nescu, Andrei and Park, Daejun and Yuwen, Shijiao and Li, Yilong and Ro\c{s}u, Grigore",
    publisher = "ACM",
    booktitle = "Proceedings of the 31th Conference on Object-Oriented Programming, Systems, Languages, and Applications (OOPSLA'16)",
    month = "Nov",
    year = "2016",
    title = "Semantics-Based Program Verifiers for All Languages"
}

@article{rosu-serbanuta-2010-jlap,
    title={An Overview of the {K} Semantic Framework},
    author={Grigore Ro{\c s}u and Traian Florin {\c S}erb{\u a}nu{\c t}{\u a} },
    journal={Journal of Logic and Algebraic Programming},
    volume={79},
    number={6},
    pages={397--434},
    year={2010},
    ee={http://dx.doi.org/10.1016/j.jlap.2010.03.012},
    doi={10.1016/j.jlap.2010.03.012},
}

@misc{dao-attack,
    title={DAO Attack},
    author={Phil Daian},
    year={2016},
    note = {\url{http://hackingdistributed.com/2016/06/18/analysis-of-the-dao-exploit/}},
}

@inproceedings{hathhorn-ellison-rosu-2015-pldi,
    author = "Hathhorn, Chris and Ellison, Chucky and Ro\c{s}u, Grigore",
    publisher = "ACM",
    doi = "http://dx.doi.org/10.1145/2813885.2737979",
    title = "Defining the Undefinedness of C",
    booktitle = "Proceedings of the 36th ACM SIGPLAN Conference on Programming Language Design and Implementation (PLDI'15)",
    month = "June",
    year = "2015",
    pages = "336-345"
}

@inproceedings{bogdanas-rosu-2015-popl,
    author = "Bogd\u{a}na\c{s}, Denis and Ro\c{s}u, Grigore",
    publisher = "ACM",
    doi = "http://dx.doi.org/10.1145/2676726.2676982",
    title = "{K-Java: A Complete Semantics of Java}",
    booktitle = "Proceedings of the 42nd Symposium on Principles of Programming Languages (POPL'15)",
    month = "January",
    year = "2015",
    pages = "445-456"
}

@inproceedings{park-stefanescu-rosu-2015-pldi,
    author = "Park, Daejun and \c{S}tef\u{a}nescu, Andrei and Ro\c{s}u, Grigore",
    publisher = "ACM",
    doi = "http://dx.doi.org/10.1145/2737924.2737991",
    title = "{KJS}: A Complete Formal Semantics of {JavaScript}",
    booktitle = "Proceedings of the 36th ACM SIGPLAN Conference on Programming Language Design and Implementation (PLDI'15)",
    month = "June",
    year = "2015",
    pages = "346-356"
}
@phdthesis{ellison-2012-thesis,
    author={Chucky Ellison},
    title={A Formal Semantics of {C} with Applications},
    school={University of Illinois},
    year={2012},
    month={July},
}

@inproceedings{evmf*,
    author = {Bhargavan, Karthikeyan and Delignat-Lavaud, Antoine and Fournet, C{\'e}dric and Gollamudi, Anitha and Gonthier, Georges and Kobeissi, Nadim and Kulatova, Natalia and Rastogi, Aseem and Sibut-Pinote, Thomas and Swamy, Nikhil and Zanella-B{\'e}guelin, Santiago},
    title = {Formal Verification of Smart Contracts: Short Paper},
    booktitle = {Proceedings of the 2016 ACM Workshop on Programming Languages and Analysis for Security},
    series = {PLAS '16},
    year = {2016},
    isbn = {978-1-4503-4574-3},
    location = {Vienna, Austria},
    pages = {91--96},
    numpages = {6},
    url = {http://doi.acm.org/10.1145/2993600.2993611},
    doi = {10.1145/2993600.2993611},
    acmid = {2993611},
    publisher = {ACM},
    address = {New York, NY, USA},
    keywords = {EVM, ethereum, formal verification, smart contracts, solidity},
}

@article{wood2014ethereum,
    title={Ethereum: A secure decentralised generalised transaction ledger},
    author={Wood, Gavin}
}
